@misc{Markowitz:2020:TakeALookAround,
  author = {Markowitz, Elliot},
  title = {Take a look around: Artificial Intelligence is everywhere},
  journal = {IoT Times},
  howpublished = {[online]},
  year = {rev. June 15, 2020},
  note = {[vid. 16.04.2021]},
  url = {https://iot.eetimes.com/take-a-look-around-artificial-intelligence-is-everywhere/},
  key = {1},
}

@misc{Wooldridge:2021:ABriefHistoryOfArtificialIntelligence,
  author = {Wooldridge, Michael},
  title = {A Brief History of Artificial Intelligence},
  publisher = {Flatiron Books},
  address = {New York},
  year = {2021},
  isbn = {9781250770745},
  pages = {36\,--\,38},
  key = {2}
}

@misc{Shiffman:2012:TheNatureOfCode,
  author = {Shiffman, Daniel},
  title = {The Nature of Code},
  editor = {Shannon FRY},
  publisher = {Free Software Foundation},
  howpublished = {[online]},
  note = {[vid. 16.04.2021]},
  year = {2012},
  isbn = {978-0985930806},
  url = {https://natureofcode.com/book/},
  key = {3},
}

@misc{Larson:2021:TheMythOfArtificialIntelligence,
  author = {Larson, Erik},
  title = {The Myth of Artificial Intelligence},
  publisher = {Belknap Press},
  address = {London, England},
  pages = {187\,--\,191},
  year = {2021},
  isbn = {978-0674983519},
  key = {4},
}

@misc{Srivastava:2014:Dropout,
  author = {Srivastava, Nitish and Hinton, Geoffrey and Krizhevsky, Alex and Sutskever, Ilya and Salakhutdinov, Ruslan},
  title = {Dropout: A Simple Way to Prevent Neural Networks from Overfitting},
  journal = {Journal of Machine Learning Research},
  volume = {15},
  number = {56},
  pages = {1},
  editor = {Yoshua BENGIO},
  year = {2014},
  howpublished = {[online]},
  note = {[vid. 16.04.2021]},
  url = {https://jmlr.org/papers/v15/srivastava14a.html},
  key = {5},
}

@misc{Ioffe:2015:BatchNormalization,
  author = {Ioffe, Sergey and Szegedy, Christian},
  title = {Batch Normalization: Accelerating Deep Network Training by Reducing Internal Covariate Shift},
  journal   = {CoRR},
  volume    = {abs/1502.03167},
  year      = {2015},
  url       = {http://arxiv.org/abs/1502.03167},
  howpublished = {[online]},
  note = {[vid. 16.04.2021]},
  key = {6},
}

@misc{Tinakova:2020:AutonomneVozidla,
  author = {Tin\'{a}kov\'{a}, Barbora},
  title = {Auton\'{o}mne vozidl\'{a} ako bud\'{u}cnos\v{t} prem\'{a}vky?},
  journal = {Umel\'{a} Inteligencia.sk},
  year = {rev. 3. februára 2020},
  note = {[vid. 16.04.2021]},
  url = {https://umelainteligencia.sk/autonomne-vozidla-ako-buducnost-premavky/},
  key = {7},
}

@misc{WU:2017:PerformanceComparison,
  author = {Wu, Binghui and Duan, Tingting},
  title = {A Performance Comparison of Neural Networks in Forecasting Stock Price Trend},
  issn = {18756891},
  journal = {International journal of computational intelligence systems},
  volume={10},
  number = {1},
  pages = {9\,--\,10},
  publisher = {Atlantis Press},
  year = {2017},
  url = {https://doaj.org/article/af640886d58d4b74a8249f0681fa4fea},
  key = {8},
}

@misc{VOLF:2015:VyuzitiNaKomoditnich,
  author = {Volf, Petr},
  title = {Využití um\v{e}l\'{e} inteligence na komoditn\'{i}ch trz\'{i}ch},
  publisher = {Vysok\'{e} u\v{c}en\'{i} technick\'{e} v Brn\v{e}. Fakulta podnikatelsk\'{a}},
  pages = {66},
  year = {2015},
  note = {Diplomov\'{a} pr\'{a}ca},
  key = {9},
}

@misc{Kuna:2010:VyuzitiNaKapitalovych,
  author = {Kuna, Martin},
  title = {Vyu\v{z}it\'{i} um\v{e}l\'{e} inteligence na kapit\'{a}lov\'{y}ch trz\'{i}ch},
  publisher = {Vysok\'{e} u\v{c}en\'{i} technick\'{e} v Brn\v{e}. Fakulta podnikatelsk\'{a}},
  pages = {67},
  year = {2010},
  note = {Diplomov\'{a} pr\'{a}ca},
  key = {10},
}
