@misc{ll,
  title = {Singly and Doubly Linked Lists},
  author = {Palumbo, Joy},
  howpublished = {[online]},
  year = {rev. Nov 25, 2019},
  note = {[vid. 17.04.2021]},
  url = {https://dev.to/joypalumbo/singly-and-doubly-linked-lists-541a},
  key = {1},
}

@misc{del,
  title = {Delete a Doubly Linked List node at a given position},
  author = {Jauhari, Ayush},
  howpublished = {[online]},
  year = {rev. 10 Nov, 2020},
  note = {[vid. 17.04.2021]},
  url = {https://www.geeksforgeeks.org/delete-doubly-linked-list-node-given-position/},
  key = {2},
}
